@inproceedings{frankle2018the,
title={The Lottery Ticket Hypothesis: Finding Sparse, Trainable Neural Networks},
author={Jonathan Frankle and Michael Carbin},
booktitle={International Conference on Learning Representations},
year={2019},
url={https://openreview.net/forum?id=rJl-b3RcF7},
}
@inproceedings{han2015learning,
author = {Han, Song and Pool, Jeff and Tran, John and Dally, William J.},
title = {Learning Both Weights and Connections for Efficient Neural Networks},
year = {2015},
publisher = {MIT Press},
address = {Cambridge, MA, USA},
booktitle = {Proceedings of the 28th International Conference on Neural Information Processing Systems - Volume 1},
pages = {1135â€“1143},
numpages = {9},
location = {Montreal, Canada},
series = {NIPS'15}
}

@article{lange2020lth,
    author = {Robert Tjarko Lange},
    title = {The Lottery Ticket Hypothesis: A Survey},
    date={2020-06-27},
    author={Carey Radebaugh and Ulfar Erlingsson},
    journal={Rob's Homepage},
    url={https://roberttlange.github.io/posts/2020/06/lottery-ticket-hypothesis},
    urldate={2022-06-10}
}

@article{nzmora2019distiller,
  author       = {Neta Zmora and Guy Jacob and Lev Zlotnik and Bar Elharar and Gal Novik},
  title        = {Neural Network Distiller: A Python Package For DNN Compression Research},
  month        = {October},
  year         = {2019},
  url          = {https://arxiv.org/abs/1910.12232}
}
