@article{abadi2016dldp,
  title={Deep Learning with Differential Privacy},
  author={Mart{\'i}n Abadi and Andy Chu and Ian J. Goodfellow and H. B. McMahan and Ilya Mironov and Kunal Talwar and Li Zhang},
  journal={Proceedings of the 2016 ACM SIGSAC Conference on Computer and Communications Security},
  year={2016}
}

@article{dwork2014alg,
author = {Dwork, Cynthia and Roth, Aaron},
title = {The Algorithmic Foundations of Differential Privacy},
year = {2014},
issue_date = {August 2014},
publisher = {Now Publishers Inc.},
address = {Hanover, MA, USA},
volume = {9},
number = {3–4},
issn = {1551-305X},
url = {https://doi.org/10.1561/0400000042},
doi = {10.1561/0400000042},
journal = {Found. Trends Theor. Comput. Sci.},
month = {aug},
pages = {211–407},
numpages = {197}

}

@misc{wiki2022diff,
    author = "{Wikipedia contributors}",
    title = "Differential privacy --- {Wikipedia}{,} The Free Encyclopedia",
    year = "2022",
    howpublished = "\url{https://en.wikipedia.org/w/index.php?title=Differential_privacy&oldid=1091066967}",
    note = "[Online; accessed 2-June-2022]"
}

@article{dalenius1977stat,
  title={Towards a methodology for statistical disclosure control},
  author={Tore Dalenius},
  journal={Statistisk Tidsskrift},
  year={1977},
  volume={15},
  pages={429-444}
}

@inproceedings {carlini2021extracting,
    author = {Nicholas Carlini and Florian Tram{\`e}r and Eric Wallace and Matthew Jagielski and Ariel Herbert-Voss and Katherine Lee and Adam Roberts and Tom Brown and Dawn Song and {\'U}lfar Erlingsson and Alina Oprea and Colin Raffel},
    title = {Extracting Training Data from Large Language Models},
    booktitle = {30th USENIX Security Symposium (USENIX Security 21)},
    year = {2021},
    isbn = {978-1-939133-24-3},
    pages = {2633--2650},
    url = {https://www.usenix.org/conference/usenixsecurity21/presentation/carlini-extracting},
    publisher = {USENIX Association},
    month = aug,
}
