@article{bzdok2018point,
  title={Points of Significance: Statistics versus machine learning},
  author={Danilo Bzdok and Naomi S. Altman and Martin Krzywinski},
  journal={Nature Methods},
  year={2018},
  volume={15},
  pages={233-234}
}
@article{breiman2001stat,
author = {Leo Breiman},
title = {{Statistical Modeling: The Two Cultures (with comments and a rejoinder by the author)}},
volume = {16},
journal = {Statistical Science},
number = {3},
publisher = {Institute of Mathematical Statistics},
pages = {199 -- 231},
year = {2001},
doi = {10.1214/ss/1009213726},
URL = {https://doi.org/10.1214/ss/1009213726}
}

@article{parloff2016dl,
    author = {Roger Parloff},
    title = {Why Deep Learning Is Suddenly Changing Your Life},
    date={2015-09-28},
    journal={Fortune},
    url={https://fortune.com/longform/ai-artificial-intelligence-deep-machine-learning/},
    urldate={2022-06-10}
}
